@book{fine2006feedforward,
  title={Feedforward neural network methodology},
  author={Fine, Terrence L},
  year={2006},
  publisher={Springer Science \& Business Media}
}

@inproceedings{krizhevsky2012imagenet,
	title={Imagenet classification with deep convolutional neural networks},
	author={Krizhevsky, Alex and Sutskever, Ilya and Hinton, Geoffrey E},
	booktitle={Advances in neural information processing systems},
	pages={1097--1105},
	year={2012}
}

@article{choromanski2016triplespin,
	title={TripleSpin-a generic compact paradigm for fast machine learning computations},
	author={Choromanski, Krzysztof and Fagan, Francois and Gouy-Pailler, Cedric and Morvan, Anne and Sarlos, Tamas and Atif, Jamal},
	journal={arXiv preprint arXiv:1605.09046},
	year={2016}
}

@misc{WinNT,
	title = {The MNIST database},
	howpublished = {\url{http://yann.lecun.com/exdb/mnist/}},
	note = {Accessed: 2016}
}

 @misc{ wiki:001,
 	author = "Wikipedia",
 	title = "Hadamard matrix --- Wikipedia{,} The Free Encyclopedia",
 	year = "2016",
 	url = {https://en.wikipedia.org/w/index.php?title=Hadamard_matrix&oldid=702520521},
 	note = "[Online; accessed 31-January-2016]"
 }
 
 @misc{ wiki:002,
  	author = "Wikipedia",
  	title = "Fourier transform --- Wikipedia{,} The Free Encyclopedia",
  	year = "2016",
  	url = {https://en.wikipedia.org/w/index.php?title=Fourier_transform&oldid=755681719},
  	note = "[Online; accessed 19-December-2016]"
  }
 
  @misc{ wiki:003,
  	author = "Wikipedia",
  	title = "Circulant matrix --- Wikipedia{,} The Free Encyclopedia",
  	year = "2016",
  	url = "https://en.wikipedia.org/w/index.php?title=Circulant_matrix&oldid=751427957",
  	note = "[Online; accessed 25-November-2016]"
  }
  
  @misc{Tensorflow,
  	author = "Google",
  	title = "Tensorflow",
  	url = "https://www.tensorflow.org"
  	}
 